@MISC{lecture3_marina,
    author = {{Marina Blanton}},
    title = {Lecture 3: Symmetric Encryption II},
    year = {2018},
    url = {http://www.acsu.buffalo.edu/~mblanton/cse565/lecture03.pdf}
}

@book{compsec_wl,
    author = {{William Stallings; Lawrie Brown}},
    title = {Computer Security: Principles and Practice (3rd Edition)},
    isbn={9780133773927},
    url={https://www.abebooks.com/9780133773927/Computer-Security-Principles-Practice-3rd-0133773922/plp},
    year={2014},
    publisher={Abe Books}
}

@online{tt_dsig,
        author = {Tech Target},
        title = {digital signature},
        year = {2014},
        url = {https://searchsecurity.techtarget.com/definition/digital-signature},
}
  
@article{butebanwot,
 author = {bytebang},
 title = {How a keysigning party builds a web of trus},
 year = {2012},
 url = {https://www.bytebang.at/Blog/How+a+keysigning+party+builds+a+web+of+trust},

}

@article{wot_wiki,
author = {Wikipedia},
        title = {Web Of Trust},
        year = {2018},
        url = {https://en.wikipedia.org/wiki/Web_of_trust},

}


@online{globsi,
        author = {GlobalSign Blog},
        title = {How Top Industries Are Preparing For Evolving Cybersecurity Threats},
        year = {2017},
        url = {https://www.globalsign.com/en/blog/top-industries-preparing-for-evolving-cybersecurity-threats/},
}