@MISC{tea_diagram,
    author = {{Matthew D. Russell}},
    title = {Tinyness: An Overview of TEA and Related Ciphers},
    year = {27 Feb 2004},
    note = {[Online; accessed April 27, 2013]},
    url = {https://web.archive.org/web/20070812222155/http://www-users.cs.york.ac.uk/~matthew/TEA/}
}

@book{compsec_wl,
    author = {{William Stallings; Lawrie Brown}},
    title = {Computer Security: Principles and Practice (3rd Edition)},
    isbn={9780133773927},
    url={https://www.abebooks.com/9780133773927/Computer-Security-Principles-Practice-3rd-0133773922/plp},
    year={2014},
    publisher={Abe Books}
}

@online{aes_utube_sundeep,
        author = {Sundeep Saradhi Kanthety},
        title = {NETWORK SECURITY- AES (ADVANCED ENCRYPTION STANDARD) Algorithm},
        year = {2018},
        note = {https://www.youtube.com/watch?v=vZ7YQ67Cbtc},
        url = {https://www.youtube.com/watch?v=vZ7YQ67Cbtc},
}
  
@online{aes_utube_flash,
      key= {aes represetation},
        title = {AES Rijndael Cipher - Visualization},
        year = {2011},
        note = {https://www.youtube.com/watch?v=mlzxpkdXP58},
        url = {https://www.youtube.com/watch?v=mlzxpkdXP58},
}

@article{intel_aes,
 author = {Jeffrey Rott (Intel)},
 title = {Intel® Advanced Encryption Standard Instructions (AES-NI)},
 year = {2012},
 url = {https://software.intel.com/en-us/articles/intel-advanced-encryption-standard-instructions-aes-ni},
 publisher = {Intel},

}

@article{vincent_intrinsics,
 author = {Vincent Hanquez},
 title = {Playing with AES intrinsics},
 year = {2012},
 url = {http://tab.snarc.org/posts/technical/2012-04-12-aes-intrinsics.html},


}

@Misc{aes_github,
    author =   {Sebastien Riou},
    title =    {Using Intel AES-NI and c++ threads to search an AES128 key},
     year = {2017},
    url = {https://github.com/sebastien-riou/aes-brute-force},
}


@article{gaston_simd,
 author = {Gastón Hillar},
 title = {High-Level Programming Languages Should Improve Support for SIMD Instructions},
 year = {2011},
 url = {http://www.drdobbs.com/tools/high-level-programming-languages-should/230600043},


}
